@book{Apeltsin_DataScience_2021,
  title = {Data Science Bookcamp: Five {{Python}} Projects},
  shorttitle = {Data Science Bookcamp},
  author = {Apeltsin, Leonard},
  date = {2021},
  publisher = {{Manning Publications Co}},
  location = {{Shelter Island, NY}},
  isbn = {978-1-61729-625-3},
  pagetotal = {676},
  file = {C\:\\Users\\p\\Nextcloud\\Bibliothek\\Zotero Lib\\Apeltsin-2021-Data science bookcamp.epub;C\:\\Users\\p\\Nextcloud\\Bibliothek\\Zotero Lib\\Apeltsin-2021-Data science bookcamp.pdf}
}

@online{Ayoola_ReFinEDEfficient_2022,
  title = {{{ReFinED}}: {{An Efficient Zero-shot-capable Approach}} to {{End-to-End Entity Linking}}},
  shorttitle = {{{ReFinED}}},
  author = {Ayoola, Tom and Tyagi, Shubhi and Fisher, Joseph and Christodoulopoulos, Christos and Pierleoni, Andrea},
  date = {2022-07-08},
  eprint = {2207.04108},
  eprinttype = {arxiv},
  eprintclass = {cs},
  url = {http://arxiv.org/abs/2207.04108},
  urldate = {2023-07-01},
  langid = {english},
  pubstate = {preprint},
  file = {C\:\\Users\\p\\Zotero\\storage\\CG2U4UM6\\Ayoola et al. - 2022 - ReFinED An Efficient Zero-shot-capable Approach t.pdf}
}

@article{Barabasi_EmergenceScaling_1999,
  title = {Emergence of {{Scaling}} in {{Random Networks}}},
  author = {Barabási, Albert-László and Albert, Réka},
  date = {1999-10-15},
  journaltitle = {Science},
  shortjournal = {Science},
  volume = {286},
  number = {5439},
  pages = {509--512},
  issn = {0036-8075, 1095-9203},
  doi = {10.1126/science.286.5439.509},
  url = {https://www.science.org/doi/10.1126/science.286.5439.509},
  urldate = {2023-07-29},
  langid = {english},
  file = {C\:\\Users\\p\\Nextcloud\\Bibliothek\\Zotero Lib\\Barabási_Albert-1999-Emergence of Scaling in Random Networks2.pdf}
}

@inproceedings{Benikova_NoStaDNamed_2014,
  title = {{{NoSta-D}} Named Entity Annotation for {{German}}: {{Guidelines}} and Dataset},
  booktitle = {Proceedings of the Ninth International Conference on Language Resources and Evaluation ({{LREC}}'14)},
  author = {Benikova, Darina and Biemann, Chris and Reznicek, Marc},
  date = {2014-05},
  pages = {2524--2531},
  publisher = {{European Language Resources Association (ELRA)}},
  location = {{Reykjavik, Iceland}},
  url = {http://www.lrec-conf.org/proceedings/lrec2014/pdf/276_Paper.pdf},
  file = {C\:\\Users\\p\\Nextcloud\\Bibliothek\\Zotero Lib\\Benikova et al-2014-NoSta-D named entity annotation for German.pdf}
}

@unpublished{Colombo_AnalyseSemi_2023,
  title = {Analyse Semi- Und Unstrukturierter {{Daten LE01}} - {{Einführung}}},
  author = {Colombo, Michael},
  date = {2023},
  venue = {{online}},
  file = {C\:\\Users\\p\\Nextcloud\\Bibliothek\\Zotero Lib\\Colombo-2023-Analyse semi- und unstrukturierter Daten LE01.pdf}
}

@unpublished{Colombo_AnalyseSemi_2023-1,
  title = {Analyse Semi- Und Unstrukturierter {{Daten LE02}} - {{Syntaktische Suche}}},
  author = {Colombo, Michael},
  date = {2023},
  venue = {{online}},
  file = {C\:\\Users\\p\\Nextcloud\\Bibliothek\\Zotero Lib\\Colombo-2023-Analyse semi- und unstrukturierter Daten LE02.pdf}
}

@unpublished{Colombo_AnalyseSemi_2023-2,
  title = {Analyse Semi- Und Unstrukturierter {{Daten LE03}} - {{Semantische Suche}}},
  author = {Colombo, Michael},
  date = {2023},
  venue = {{online}},
  file = {C\:\\Users\\p\\Nextcloud\\Bibliothek\\Zotero Lib\\Colombo-2023-Analyse semi- und unstrukturierter Daten LE03.pdf}
}

@unpublished{Colombo_AnalyseSemi_2023-3,
  title = {Analyse Semi- Und Unstrukturierter {{Daten LE08}} - {{Präsentationen I}}},
  author = {Colombo, Michael},
  date = {2023},
  venue = {{online}},
  file = {C\:\\Users\\p\\Nextcloud\\Bibliothek\\Zotero Lib\\Colombo-2023-Analyse semi- und unstrukturierter Daten LE08 - Präsentationen I.pdf}
}

@inproceedings{Gerritse_EntityawareTransformers_2022,
  title = {Entity-Aware {{Transformers}} for {{Entity Search}}},
  booktitle = {Proceedings of the 45th {{International ACM SIGIR Conference}} on {{Research}} and {{Development}} in {{Information Retrieval}}},
  author = {Gerritse, Emma J. and Hasibi, Faegheh and family=Vries, given=Arjen P., prefix=de, useprefix=true},
  date = {2022-07-06},
  eprint = {2205.00820},
  eprinttype = {arxiv},
  eprintclass = {cs},
  pages = {1455--1465},
  doi = {10.1145/3477495.3531971},
  url = {http://arxiv.org/abs/2205.00820},
  urldate = {2023-07-01},
  langid = {english},
  file = {C\:\\Users\\p\\Zotero\\storage\\2FM8L4WI\\Gerritse et al. - 2022 - Entity-aware Transformers for Entity Search.pdf}
}

@incollection{Menzel_NamedEntity_2021,
  title = {Named {{Entity Linking}} Mit {{Wikidata}} Und {{GND}} – {{Das Potenzial}} Handkuratierter Und Strukturierter {{Datenquellen}} Für Die Semantische {{Anreicherung}} von {{Volltexten}}},
  booktitle = {Qualität in Der {{Inhaltserschließung}}},
  author = {Menzel, Sina and Schnaitter, Hannes and Zinck, Josefine and Petras, Vivien and Neudecker, Clemens and Labusch, Kai and Leitner, Elena and Rehm, Georg},
  editor = {Franke-Maier, Michael and Kasprzik, Anna and Ledl, Andreas and Schürmann, Hans},
  date = {2021-09-20},
  pages = {229--258},
  publisher = {{De Gruyter}},
  doi = {10.1515/9783110691597-012},
  url = {https://www.degruyter.com/document/doi/10.1515/9783110691597-012/html},
  urldate = {2023-07-04},
  isbn = {978-3-11-069159-7},
  file = {C\:\\Users\\p\\Nextcloud\\Bibliothek\\Zotero Lib\\Menzel et al-2021-Named Entity Linking mit Wikidata und GND – Das Potenzial handkuratierter und.pdf}
}

@article{Peixoto_GraphtoolPython_2017,
  title = {The Graph-Tool Python Library},
  author = {Peixoto, Tiago P.},
  date = {2017-05},
  doi = {10.6084/m9.figshare.1164194.v14},
  url = {https://figshare.com/articles/dataset/graph_tool/1164194}
}

@software{sw-entity-fishing,
  title = {Entity-Fishing},
  author = {{Patrice Lopez}},
  date = {2016/2022},
  eprint = {1:dir:cb0ba3379413db12b0018b7c3af8d0d2d864139c},
  url = {https://github.com/kermitt2/entity-fishing},
  archiveprefix = {swh},
  organization = {{Science-Miner}}
}

@inproceedings{sw-NetworkX,
  title = {Exploring Network Structure, Dynamics, and Function Using {{NetworkX}}},
  booktitle = {Proceedings of the 7th Python in Science Conference},
  author = {Hagberg, Aric A. and Schult, Daniel A. and Swart, Pieter J.},
  editor = {Varoquaux, Gaël and Vaught, Travis and Millman, Jarrod},
  date = {2008},
  pages = {11--15},
  location = {{Pasadena, CA USA}}
}

@misc{sw-Scrapy,
  title = {Scrapy},
  author = {{Scrapy Developers}},
  date = {2008/2023},
  publisher = {{GitHub}},
  url = {https://github.com/scrapy/scrapy}
}

@software{sw-spacyfishing,
  title = {Spacyfishing},
  author = {{Lucas Terriel}},
  date = {2022},
  eprint = {1:dir:cb0ba3379413db12b0018b7c3af8d0d2d864139c},
  url = {https://github.com/Lucaterre/spacyfishing},
  archiveprefix = {swh},
  organization = {{GitHub}}
}

@inproceedings{VanHulst_RELEntity_2020,
  title = {{{REL}}: {{An Entity Linker Standing}} on the {{Shoulders}} of {{Giants}}},
  shorttitle = {{{REL}}},
  booktitle = {Proceedings of the 43rd {{International ACM SIGIR Conference}} on {{Research}} and {{Development}} in {{Information Retrieval}}},
  author = {family=Hulst, given=Johannes M., prefix=van, useprefix=true and Hasibi, Faegheh and Dercksen, Koen and Balog, Krisztian and family=Vries, given=Arjen P., prefix=de, useprefix=true},
  date = {2020-07-25},
  eprint = {2006.01969},
  eprinttype = {arxiv},
  eprintclass = {cs},
  pages = {2197--2200},
  doi = {10.1145/3397271.3401416},
  url = {http://arxiv.org/abs/2006.01969},
  urldate = {2023-07-01},
  langid = {english},
  file = {C\:\\Users\\p\\Zotero\\storage\\3FLHYKDG\\van Hulst et al. - 2020 - REL An Entity Linker Standing on the Shoulders of.pdf}
}
